@Manual{R-base,
  title = {R: A Language and Environment for Statistical Computing},
  author = {{R Core Team}},
  organization = {R Foundation for Statistical Computing},
  address = {Vienna, Austria},
  year = {2021},
  url = {https://www.R-project.org/},
}
@Manual{R-papaja,
  author = {Frederik Aust and Marius Barth},
  title = {{papaja}: {Create} {APA} manuscripts with {R Markdown}},
  year = {2020},
  note = {R package version 0.1.0.9997},
  url = {https://github.com/crsh/papaja},
}
@Manual{R-dplyr,
  title = {dplyr: A Grammar of Data Manipulation},
  author = {Hadley Wickham and Romain François and Lionel Henry and Kirill Müller},
  year = {2022},
  note = {R package version 1.0.9},
  url = {https://CRAN.R-project.org/package=dplyr},
}
@Manual{R-forcats,
  title = {forcats: Tools for Working with Categorical Variables (Factors)},
  author = {Hadley Wickham},
  year = {2021},
  note = {R package version 0.5.1},
  url = {https://CRAN.R-project.org/package=forcats},
}
@Book{R-ggplot2,
  author = {Hadley Wickham},
  title = {ggplot2: Elegant Graphics for Data Analysis},
  publisher = {Springer-Verlag New York},
  year = {2016},
  isbn = {978-3-319-24277-4},
  url = {https://ggplot2.tidyverse.org},
}
@Manual{R-here,
  title = {here: A Simpler Way to Find Your Files},
  author = {Kirill Müller},
  year = {2020},
  note = {R package version 1.0.1},
  url = {https://CRAN.R-project.org/package=here},
}
@Manual{R-purrr,
  title = {purrr: Functional Programming Tools},
  author = {Lionel Henry and Hadley Wickham},
  year = {2020},
  note = {R package version 0.3.4},
  url = {https://CRAN.R-project.org/package=purrr},
}
@Manual{R-readr,
  title = {readr: Read Rectangular Text Data},
  author = {Hadley Wickham and Jim Hester and Jennifer Bryan},
  year = {2022},
  note = {R package version 2.1.2},
  url = {https://CRAN.R-project.org/package=readr},
}
@Manual{R-rio,
  title = {rio: A Swiss-army knife for data file I/O},
  author = {Chung-hong Chan and Geoffrey CH Chan and Thomas J. Leeper and Jason Becker},
  year = {2021},
  note = {R package version 0.5.29},
}
@Manual{R-stringr,
  title = {stringr: Simple, Consistent Wrappers for Common String Operations},
  author = {Hadley Wickham},
  year = {2019},
  note = {R package version 1.4.0},
  url = {https://CRAN.R-project.org/package=stringr},
}
@Manual{R-tibble,
  title = {tibble: Simple Data Frames},
  author = {Kirill Müller and Hadley Wickham},
  year = {2022},
  note = {R package version 3.1.7},
  url = {https://CRAN.R-project.org/package=tibble},
}
@Manual{R-tidyr,
  title = {tidyr: Tidy Messy Data},
  author = {Hadley Wickham and Maximilian Girlich},
  year = {2022},
  note = {R package version 1.2.0},
  url = {https://CRAN.R-project.org/package=tidyr},
}
@Article{R-tidytext,
  title = {tidytext: Text Mining and Analysis Using Tidy Data Principles in R},
  author = {Julia Silge and David Robinson},
  doi = {10.21105/joss.00037},
  url = {http://dx.doi.org/10.21105/joss.00037},
  year = {2016},
  publisher = {The Open Journal},
  volume = {1},
  number = {3},
  journal = {JOSS},
}
@Article{R-tidyverse,
  title = {Welcome to the {tidyverse}},
  author = {Hadley Wickham and Mara Averick and Jennifer Bryan and Winston Chang and Lucy D'Agostino McGowan and Romain François and Garrett Grolemund and Alex Hayes and Lionel Henry and Jim Hester and Max Kuhn and Thomas Lin Pedersen and Evan Miller and Stephan Milton Bache and Kirill Müller and Jeroen Ooms and David Robinson and Dana Paige Seidel and Vitalie Spinu and Kohske Takahashi and Davis Vaughan and Claus Wilke and Kara Woo and Hiroaki Yutani},
  year = {2019},
  journal = {Journal of Open Source Software},
  volume = {4},
  number = {43},
  pages = {1686},
  doi = {10.21105/joss.01686},
}
@Proceedings{SRCD,
  editor    = "Glenn I. Roisman",
  title     = "Study Shows Impact of School Closures on Preschool Children During Covid-19",
  series    = "Press Release",
  publisher = "Child Development",
  year      = 2023
}
@Article{gonzalez2022school,
  title= "School readiness losses during the COVID-19 outbreak. A comparison of two cohorts of young children"",
  author= "Meliza Gonz{\'a}lez and Tianna Loose and Maite Liz and M{\'o}nica P{\'e}rez and Juan I Rodr{\'\i}guez-Vin{\c{c}}on and Clementina Tom{\'a}s-Llerena and Alejandro V{\'a}squez-Echeverr{\'\i}a",
  journal= "Child Development"",
  volume= "93"",
  number= "4",
  pages= "910--924",
  year= 2022,
  publisher= "Wiley Online Library"
}


@techreport{NIERR,
  title       = "The State of Preschool 2021",
  author      = "Allison H. Friedman-Krauss and W. Steven Barnett and Karin A. Garver and Katherine S. Hodges and GG Weisenfeld and Beth Ann Gardiner and Tracy Merriman Jost",
  institution = "National Institute for Early Education Research",
  year        = 2022
  publisher   = "Rutgers Graduate School of Education"
}

@Manual{R-caret,
  title = {caret: Classification and Regression Training},
  author = {Max Kuhn},
  year = {2022},
  note = {R package version 6.0-92},
  url = {https://CRAN.R-project.org/package=caret},
}
@Article{R-cutpointr,
  title = {{cutpointr}: Improved Estimation and Validation of Optimal Cutpoints in {R}},
  author = {Christian Thiele and Gerrit Hirschfeld},
  journal = {Journal of Statistical Software},
  year = {2021},
  volume = {98},
  number = {11},
  pages = {1--27},
  doi = {10.18637/jss.v098.i11},
}
@Manual{R-devtools,
  title = {devtools: Tools to Make Developing R Packages Easier},
  author = {Hadley Wickham and Jim Hester and Winston Chang and Jennifer Bryan},
  year = {2021},
  note = {R package version 2.4.3},
  url = {https://CRAN.R-project.org/package=devtools},
}
@Manual{R-finalfit,
  title = {finalfit: Quickly Create Elegant Regression Results Tables and Plots when
Modelling},
  author = {Ewen Harrison and Tom Drake and Riinu Ots},
  year = {2021},
  note = {R package version 1.0.4},
  url = {https://CRAN.R-project.org/package=finalfit},
}
@Manual{R-fmsb,
  title = {fmsb: Functions for Medical Statistics Book with some Demographic Data},
  author = {Minato Nakazawa},
  year = {2023},
  note = {R package version 0.7.5},
  url = {https://CRAN.R-project.org/package=fmsb},
}
@Article{R-glmnet_a,
  title = {Regularization Paths for Generalized Linear Models via Coordinate Descent},
  author = {Jerome Friedman and Trevor Hastie and Robert Tibshirani},
  journal = {Journal of Statistical Software},
  year = {2010},
  volume = {33},
  number = {1},
  pages = {1--22},
  url = {https://www.jstatsoft.org/v33/i01/},
  doi = {10.18637/jss.v033.i01},
}
@Article{R-glmnet_b,
  title = {Regularization Paths for Cox's Proportional Hazards Model via Coordinate Descent},
  author = {Noah Simon and Jerome Friedman and Trevor Hastie and Rob Tibshirani},
  journal = {Journal of Statistical Software},
  year = {2011},
  volume = {39},
  number = {5},
  pages = {1--13},
  url = {https://www.jstatsoft.org/v39/i05/},
  doi = {10.18637/jss.v039.i05},
}
@Manual{R-gutenbergr,
  title = {gutenbergr: Download and Process Public Domain Works from Project Gutenberg},
  author = {Myfanwy Johnston and David Robinson},
  year = {2022},
  note = {R package version 0.2.3},
  url = {https://CRAN.R-project.org/package=gutenbergr},
}
@Manual{R-kableExtra,
  title = {kableExtra: Construct Complex Table with 'kable' and Pipe Syntax},
  author = {Hao Zhu},
  year = {2021},
  note = {R package version 1.3.4},
  url = {https://CRAN.R-project.org/package=kableExtra},
}
@Manual{R-koRpus,
  title = {koRpus: Text Analysis with Emphasis on POS Tagging, Readability, and Lexical Diversity},
  author = {Meik Michalke},
  year = {2021},
  note = {(Version 0.13-8)},
  url = {https://reaktanz.de/?c=hacking&s=koRpus},
}
@Manual{R-koRpus.lang.en,
  title = {koRpus.lang.en: Language Support for 'koRpus' Package: English},
  author = {Meik Michalke},
  year = {2020},
  note = {(Version 0.1-4)},
  url = {https://reaktanz.de/?c=hacking&s=koRpus},
}
@Book{R-lattice,
  title = {Lattice: Multivariate Data Visualization with R},
  author = {Deepayan Sarkar},
  publisher = {Springer},
  address = {New York},
  year = {2008},
  note = {ISBN 978-0-387-75968-5},
  url = {http://lmdvr.r-forge.r-project.org},
}
@Manual{R-magrittr,
  title = {magrittr: A Forward-Pipe Operator for R},
  author = {Stefan Milton Bache and Hadley Wickham},
  year = {2022},
  note = {R package version 2.0.3},
  url = {https://CRAN.R-project.org/package=magrittr},
}
@Manual{R-Matrix,
  title = {Matrix: Sparse and Dense Matrix Classes and Methods},
  author = {Douglas Bates and Martin Maechler},
  year = {2021},
  note = {R package version 1.3-4},
  url = {https://CRAN.R-project.org/package=Matrix},
}
@Manual{R-NLP,
  title = {NLP: Natural Language Processing Infrastructure},
  author = {Kurt Hornik},
  year = {2020},
  note = {R package version 0.2-1},
  url = {https://CRAN.R-project.org/package=NLP},
}
@Manual{R-pastecs,
  title = {pastecs: Package for Analysis of Space-Time Ecological Series},
  author = {Philippe Grosjean and Frederic Ibanez},
  year = {2018},
  note = {R package version 1.3.21},
  url = {https://CRAN.R-project.org/package=pastecs},
}
@Manual{R-psych,
  title = {psych: Procedures for Psychological, Psychometric, and Personality Research},
  author = {William Revelle},
  organization = { Northwestern University},
  address = { Evanston, Illinois},
  year = {2022},
  note = {R package version 2.2.5},
  url = {https://CRAN.R-project.org/package=psych},
}
@Manual{R-RColorBrewer,
  title = {RColorBrewer: ColorBrewer Palettes},
  author = {Erich Neuwirth},
  year = {2022},
  note = {R package version 1.1-3},
  url = {https://CRAN.R-project.org/package=RColorBrewer},
}
@Manual{R-recipes,
  title = {recipes: Preprocessing and Feature Engineering Steps for Modeling},
  author = {Max Kuhn and Hadley Wickham},
  year = {2022},
  note = {R package version 0.2.0},
  url = {https://CRAN.R-project.org/package=recipes},
}
@Manual{R-SnowballC,
  title = {SnowballC: Snowball Stemmers Based on the C 'libstemmer' UTF-8 Library},
  author = {Milan Bouchet-Valat},
  year = {2020},
  note = {R package version 0.7.0},
  url = {https://CRAN.R-project.org/package=SnowballC},
}
@Manual{R-sylly,
  title = {sylly: Hyphenation and Syllable Counting for Text Analysis},
  author = {Meik Michalke},
  year = {2020},
  note = {(Version 0.1-6)},
  url = {https://reaktanz.de/?c=hacking&s=sylly},
}
@Manual{R-text2vec,
  title = {text2vec: Modern Text Mining Framework for R},
  author = {Dmitriy Selivanov and Manuel Bickel and Qing Wang},
  year = {2022},
  note = {R package version 0.6.1},
  url = {https://CRAN.R-project.org/package=text2vec},
}
@Manual{R-textdata,
  title = {textdata: Download and Load Various Text Datasets},
  author = {Emil Hvitfeldt},
  year = {2022},
  note = {R package version 0.4.4},
  url = {https://CRAN.R-project.org/package=textdata},
}
@Manual{R-textstem,
  title = {{textstem}: Tools for stemming and lemmatizing text},
  author = {Tyler W. Rinker},
  address = {Buffalo, New York},
  note = {version 0.1.4},
  year = {2018},
  url = {http://github.com/trinker/textstem},
}
@Article{R-tinytex,
  title = {TinyTeX: A lightweight, cross-platform, and easy-to-maintain LaTeX distribution based on TeX Live},
  author = {Yihui Xie},
  journal = {TUGboat},
  year = {2019},
  volumne = {40},
  number = {1},
  pages = {30--32},
  url = {https://tug.org/TUGboat/Contents/contents40-1.html},
}
@Article{R-tm,
  title = {Text Mining Infrastructure in R},
  author = {Ingo Feinerer and Kurt Hornik and David Meyer},
  year = {2008},
  journal = {Journal of Statistical Software},
  volume = {25},
  number = {5},
  pages = {1--54},
  url = {https://www.jstatsoft.org/v25/i05/},
  month = {March},
}
@Article{R-topicmodels,
  title = {{topicmodels}: An {R} Package for Fitting Topic Models},
  author = {Bettina Gr\"un and Kurt Hornik},
  journal = {Journal of Statistical Software},
  year = {2011},
  volume = {40},
  number = {13},
  pages = {1--30},
  doi = {10.18637/jss.v040.i13},
}
@Manual{R-udpipe,
  title = {udpipe: Tokenization, Parts of Speech Tagging, Lemmatization and
Dependency Parsing with the 'UDPipe' 'NLP' Toolkit},
  author = {Jan Wijffels},
  year = {2022},
  note = {R package version 0.8.9},
  url = {https://CRAN.R-project.org/package=udpipe},
}
@Manual{R-usethis,
  title = {usethis: Automate Package and Project Setup},
  author = {Hadley Wickham and Jennifer Bryan and Malcolm Barrett},
  year = {2021},
  note = {R package version 2.1.5},
  url = {https://CRAN.R-project.org/package=usethis},
}
@Manual{R-wordcloud,
  title = {wordcloud: Word Clouds},
  author = {Ian Fellows},
  year = {2018},
  note = {R package version 2.6},
  url = {https://CRAN.R-project.org/package=wordcloud},
}
